@book{Nid98,
  title={The Development of Mathematical Logic},
  author={P.H. Nidditch},
  series={Key Texts. Classic Studies in the History of ideas},
  year={1998},
  publisher={Thoemmes Press},
  isbn={9781855065826},
}

@book{MM17,
	title = {The History of Philosophical and Formal Logic: From Aristotle to Tarski},
	year = {2017},
	author = {Alex Malpass and Marianna Antonutti Marfori},
	publisher = {Bloomsbury}
}