@INPROCEEDINGS{B12,
  author={David. E. Bell},
  booktitle={21st Annual Computer Security Applications Conference (ACSAC'05)},
  title={{Looking back at the Bell-La Padula model}},
  year={2005},
  volume={},
  number={},
  pages={15 pp.-351},
  keywords={computer networks;security of data;Bell-La Padula security model;secure computer system;security principle;Computer networks;Computer security;Costs;DNA;Data security;Engineering profession;Information security;Military computing;Operating systems;Time sharing computer systems},
  doi={10.1109/CSAC.2005.37},
  ISSN={1063-9527},
  month={Dec}
}

@techreport{BLP73,
  author = {Bell, David Elliot and La Padula, Leonard J.},
  institution = {MITRE Corporation},
  journal = {Technical Report 2547},
  keywords = {security},
  location = {Massachusetts},
  number = {ESD-TR-73-278-I},
  title = {{Secure Computer Systems: Mathematical Foundations}},
  volume = {I},
  year = {1973}
}

@techreport{BLP73b,
  author = {Bell, David Elliot and La Padula, Leonard. J.},
  institution = {MITRE Corporation},
  journal = {Technical Report 2547},
  location = {Massachusetts},
  title = {{Secure Computer Systems: A Mathematical Model}},
  volume = {II},
  number = {ESD-TR-73-278-II},
  year = {1973}
}

@Techreport{Bell74,
	title = {{Secure Computer Systems: A Refinement of the Mathematical Model}},
	author = "David Elliott Bell",
	year = "1974",
	number = "ESD-TR-73-278-III",
	institution = "MITRE Corp.",
	organization = "MITRE Corp.",
	pages = "76",
	abstract = "A model developed for the investigation of security in computer systems is refined in three major ways, incoporating an object structure, a notion of current security level, and an altered *-property.  In addition, the various ramifications of classifying a control structure are explored.  It is shown that security requirements can be fulfilled in a system using these refinements.",
	contents = "I. Introduction
II. The Alteration of control
III. The inclusion of current security level
IV. Revising the *-property
V. Classification of a control hierarchy
VI. Summary",
	language = "English",
	subject = "Secure Computer Systems",
}

@techreport{BLP76,
  abstract = {{A unified narrative exposition of the ESD/MITRE computer security model is presented. A suggestive interpretation of the model in the context of Multics and a discussion of several other important topics (such as communications paths, sabotage and integrity) conclude the report. A full, formal presentation of the model is included in the Appendix.}},
  author = {Bell, David Elliot and La Padula, Leonard J.},
  institution = {The MITRE Corporation},
  keywords = {1976, bell-lapadula, multics, security, system},
  number = {ESD-TR-75-306},
  title = {{Secure Computer System: Unified Exposition and MULTICS Interpretation}},
  url = {http://csrc.nist.gov/publications/history/bell76.pdf},
  year = {1976}
}

@book{Bishop,
  title={Computer Security: Art and Science},
  author={Bishop, Matt},
  isbn={9780201440997},
  lccn={2002026219},
  url={https://books.google.com.ar/books?id=pfdBiJNfWdMC},
  year={2003},
  publisher={Addison-Wesley}
}

@book{a08,
 author = {Anderson, Ross J.},
 title = {{Security Engineering: A Guide to Building Dependable Distributed Systems}},
 year = {2008},
 isbn = {9780470068526},
 edition = {2},
 publisher = {Wiley Publishing}
} 

@inproceedings{Sandhu92,
  title={{A Lattice Interpretation of the Chinese Wall Policy}},
  author={Ravi S. Sandhu},
  month=oct,
  year={1992}
}

@article{Sandhu92b,
  title = {{Lattice-Based Enforcement of Chinese Walls}},
  journal = {{Computers \& Security}},
  volume = "11",
  number = "8",
  pages = "753 - 763",
  month=Dec,
  year = "1992",
  issn = "0167-4048",
  doi = "https://doi.org/10.1016/0167-4048(92)90131-A",
  url = "http://www.sciencedirect.com/science/article/pii/016740489290131A",
  author = "Ravi S. Sandhu",
  keywords = "Chinese Wall policy, Lattice model, Bell-LaPadula model"
}

@article{Sandhu93,
  author = {Sandhu, Ravi S.},
  title = {{Lattice-Based Access Control Models}},
  journal = {Computer},
  issue_date = {November 1993},
  volume = {26},
  number = {11},
  month = nov,
  year = {1993},
  issn = {0018-9162},
  pages = {9--19},
  numpages = {11},
  url = {https://doi.org/10.1109/2.241422},
  doi = {10.1109/2.241422},
  acmid = {619980},
  publisher = {IEEE Computer Society Press},
  address = {Los Alamitos, CA, USA}
}

@book{g11,
  title={Computer Security},
  author={Gollmann, D.},
  isbn={9780470741153},
  lccn={2010036859},
  year={2011},
  publisher={Wiley}
}

@book{t11,
 author = {Tilborg, Henk C. A. and Jajodia, Sushil},
 title = {{Encyclopedia of Cryptography and Security}},
 year = {2011},
 isbn = {144195905X, 9781441959058},
 edition = {2nd},
 publisher = {Springer Publishing Company, Incorporated},
} 

@INPROCEEDINGS{m87,
  author={{John McLean}},
  booktitle={1987 IEEE Symposium on Security and Privacy},
  title={{Reasoning About Security Models}},
  year={1987},
  volume={},
  number={},
  pages={123-123},
  keywords={},
  doi={10.1109/SP.1987.10020},
  ISSN={1540-7993},
  month={April}
}

@book{book:1448623,
   title =     {Mechanizing Proof: Computing, Risk, and Trust},
   author =    {Donald A. MacKenzie},
   publisher = {The MIT Press},
   isbn =      {0262133938,9780262133937},
   year =      {2001},
   series =    {Inside Technology},
   edition =   {},
   volume =    {},
   url =       {http://gen.lib.rus.ec/book/index.php?md5=F767644E6AC8104C7BD420662E94A225}
}

@Techreport{Biba77,
	title = {{Integrity Considerations for Secure Computer Systems}},
	author = "Kenneth. J. Biba",
	year = "1977",
	month = "April",
    number = {MTR-3153},
	edition = "ESD-TR-76-372",
	institution = "MITRE Corp.",
	organization = "MITRE Corp.",
	pages = "66",
	abstract = "An integrity policy defines formal access constraints which, if effectively enforced, protect data from improper modification.  We indentify the integrity problems posed by a secure military computer utility.  Integrity policies addressing these problems are developed and their effectiveness evaluated.  A prototype secure computer utility, Multics, is then used as a testbed for the application of the developed access controls.",
	contents = "I. Introduction
II. The integrity problem
III. Integrity policy
IV. Application
V. Conclusion",
	keywords = "Computer Model, Computer Security, Data Integrity, Integrity Mechanisms, Integrity Model, Program Integrity",
	language = "English",
	subject = "Data integrity",
}

@techreport{Biba75,
  author = {Kenneth. J. Biba},
  year = {1975},
  month = {June},
  pages = {68},
  journal = {Technical Report},
  number = {MTR-3153},
  institution = {{MITRE Corp.}},
  organization = {{MITRE Corp.}},
  title = {{Integrity Considerations for Secure Computer Systems}}
}

@inproceedings{bn89,
  title={{The Chinese Wall Security Policy}},
  author={Brewer, David FC and Nash, Michael J},
  booktitle={Security and privacy, 1989. proceedings., 1989 ieee symposium on},
  pages={206--214},
  year={1989},
  organization={IEEE}
}
