@inproceedings{AZ13,
	author        = "Federico Aschieri and Margherita Zorzi",
	booktitle     = "{Proceedings of the 11th International Conference on Typed Lambda Calculi and Applications}",
	doi           = "10.1007/978-3-642-38946-7_5",
	pages         = "31--47",
	publisher     = "{Springer International Publishing}",
	series        = "{Lecture Notes in Computer Science}",
	title         = "{Non-determinism, Non-termination and the Strong Normalization of System T}",
	volume        = 7941,
	year          = 2013,
}

@INPROCEEDINGS{BS90,
    author = {Randal E. Bryant and Carl-johan Seger},
    title = {Formal Verification of Digital Circuits Using Symbolic Ternary System Models},
    booktitle = {},
    year = {1990},
    pages = {121--146},
    publisher = {American Mathematical Society}
}

@MISC{BSB91,
    author = {Randal E. Bryant and Derek L. Beatty and Carl-Johan H. Seger},
    title = { Formal Hardware Verification by Symbolic Ternary Trajectory Evaluation },
    year = {1991}
}