@article{Brz64,
 author = {Brzozowski, Janusz A.},
 title = {{Derivatives of Regular Expressions}},
 journal = {J. ACM},
 issue_date = {Oct. 1964},
 volume = {11},
 number = {4},
 month = oct,
 year = {1964},
 issn = {0004-5411},
 pages = {481--494},
 numpages = {14},
 url = {http://doi.acm.org/10.1145/321239.321249},
 doi = {10.1145/321239.321249},
 acmid = {321249},
 publisher = {ACM},
 address = {New York, NY, USA},
} 

@article{An96,
  title={{Partial Derivatives of Regular Expressions and Finite Automaton
         Constructions}},
  author={Valentin M. Antimirov},
  journal={Theor. Comput. Sci.},
  year={1996},
  volume={155},
  pages={291-319}
}

@article{ORT09,
 author = {Owens, Scott and Reppy, John and Turon, Aaron},
 title = {{Regular-expression Derivatives Re-examined}},
 journal = {J. Funct. Program.},
 issue_date = {March 2009},
 volume = {19},
 number = {2},
 month = mar,
 year = {2009},
 issn = {0956-7968},
 pages = {173--190},
 numpages = {18},
 url = {http://dx.doi.org/10.1017/S0956796808007090},
 doi = {10.1017/S0956796808007090},
 acmid = {1520288},
 publisher = {Cambridge University Press},
 address = {New York, NY, USA},
} 
