@misc{ACP93,
  author = {Mart√≠n Abadi and Luca Cardelli and Gordon Plotkin},
  title = {Types for the Scott numerals},
  year = {1993}
}