@book{BW90,
  title={Introduction to Functional Programming},
  author={Bird, R. and Wadler, P.},
  isbn={9780134730912},
  series={Prentice-Hall International series in computer science},
  url={https://books.google.com.ar/books?id=iM9GPgAACAAJ},
  year={1990},
  publisher={Prentice Hall Books}
}

@book{B98,
  title = "Introduction to Functional Programming Using {H}askell",
  author = "Richard S. Bird",
  year = "1998",
  isbn = "0134843460",
  publisher = "Prentice-Hall",
  url = "http://www.cs.ox.ac.uk/publications/books/functional/",
}

@book{B10,
 author = {Bird, Richard},
 title = {Pearls of Functional Algorithm Design},
 year = {2010},
 isbn = {0521513383, 9780521513388},
 edition = {1st},
 publisher = {Cambridge University Press},
 address = {New York, NY, USA},
} 

@book{B14, place={Cambridge},
title={Thinking Functionally with Haskell},
DOI={10.1017/CBO9781316092415},
publisher={Cambridge University Press},
author={Bird, Richard}, year={2014}
}
