@inproceedings{MS72,
 author = {Meyer, A. R. and Stockmeyer, L. J.},
 title = {The Equivalence Problem for Regular Expressions with Squaring Requires Exponential Space},
 booktitle = {Proceedings of the 13th Annual Symposium on Switching and Automata Theory (Swat 1972)},
 series = {SWAT '72},
 year = {1972},
 pages = {125--129},
 numpages = {5},
 url = {https://doi.org/10.1109/SWAT.1972.29},
 doi = {10.1109/SWAT.1972.29},
 acmid = {1438639},
 publisher = {IEEE Computer Society},
 address = {Washington, DC, USA},
} 

@article{GS07,
title = "Minimizing nfa's and regular expressions",
journal = "Journal of Computer and System Sciences",
volume = "73",
number = "6",
pages = "908 - 923",
year = "2007",
issn = "0022-0000",
doi = "https://doi.org/10.1016/j.jcss.2006.11.002",
url = "http://www.sciencedirect.com/science/article/pii/S0022000006001735",
author = "Gregor Gramlich and Georg Schnitger",
keywords = "Automata and formal languages, Computational complexity, Approximability"
}

@article{BM12,
title = "The tractability frontier for NFA minimization",
journal = "Journal of Computer and System Sciences",
volume = "78",
number = "1",
pages = "198 - 210",
year = "2012",
note = "JCSS Knowledge Representation and Reasoning",
issn = "0022-0000",
doi = "https://doi.org/10.1016/j.jcss.2011.03.001",
url = "http://www.sciencedirect.com/science/article/pii/S0022000011000456",
author = "Henrik Bj√∂rklund and Wim Martens",
keywords = "Finite automata, Optimization, State minimization, Complexity"
}

@article{MY60,
author={R. McNaughton and H. Yamada},
journal={IRE Transactions on Electronic Computers},
title={Regular Expressions and State Graphs for Automata},
year={1960},
volume={EC-9},
number={1},
pages={39-47},
keywords={Automata;Terminology},
doi={10.1109/TEC.1960.5221603},
ISSN={0367-9950},
month={March},}

@article{RS59,
 author = {Rabin, M. O. and Scott, D.},
 title = {Finite Automata and Their Decision Problems},
 journal = {IBM J. Res. Dev.},
 issue_date = {April 1959},
 volume = {3},
 number = {2},
 month = apr,
 year = {1959},
 issn = {0018-8646},
 pages = {114--125},
 numpages = {12},
 url = {http://dx.doi.org/10.1147/rd.32.0114},
 doi = {10.1147/rd.32.0114},
 acmid = {1661909},
 publisher = {IBM Corp.},
 address = {Riverton, NJ, USA},
} 
