@INPROCEEDINGS{B12,
author={D. E. Bell},
booktitle={21st Annual Computer Security Applications Conference (ACSAC'05)},
title={{Looking back at the Bell-La Padula model}},
year={2005},
volume={},
number={},
pages={15 pp.-351},
keywords={computer networks;security of data;Bell-La Padula security model;secure computer system;security principle;Computer networks;Computer security;Costs;DNA;Data security;Engineering profession;Information security;Military computing;Operating systems;Time sharing computer systems},
doi={10.1109/CSAC.2005.37},
ISSN={1063-9527},
month={Dec},}

@techreport{BLP73,
    author = {Bell, D. E. and La Padula, L. J.},
    citeulike-article-id = {7234230},
    day = {1},
    institution = {MITRE Corporation},
    journal = {Technical Report 2547},
    keywords = {security},
    location = {Massachusetts},
    month = mar,
    posted-at = {2010-06-01 20:09:01},
    priority = {2},
    title = {{Secure Computer Systems: Mathematical Foundations}},
    volume = {I},
    year = {1973}
}

@techreport{BLP73b,
    author = {Bell, D. E. and La Padula, L. J.},
    day = {1},
    institution = {MITRE Corporation},
    journal = {Technical Report 2547},
    keywords = {security},
    location = {Massachusetts},
    month = mar,
    title = {{Secure Computer Systems: A Mathematical Model}},
    volume = {II},
    year = {1973}
}

@Techreport{Bell74,
	title = {{Secure Computer Systems: A Refinement of the Mathematical
          Model}},
	author = "D. Elliott Bell",
	year = "1974",
	month = "04",
	number = "ESD-TR-73-278",
	institution = "MITRE Corp.",
	organization = "MITRE Corp.",
	pages = "76",
	abstract = "A model developed for the investigation of security in computer systems is refined in three major ways, incoporating an object structure, a notion of current security level, and an altered *-property.  In addition, the various ramifications of classifying a control structure are explored.  It is shown that security requirements can be fulfilled in a system using these refinements.",
	contents = "I. Introduction
II. The Alteration of control
III. The inclusion of current security level
IV. Revising the *-property
V. Classification of a control hierarchy
VI. Summary",
	language = "English",
	subject = "Secure Computer Systems",
}

@techreport{BLP76,
    abstract = {{A unified narrative exposition of the ESD/MITRE computer security model is presented. A suggestive interpretation of the model in the context of Multics and a discussion of several other important topics (such as communications paths, sabotage and integrity) conclude the report. A full, formal presentation of the model is included in the Appendix.}},
    author = {Bell, David E. and La Padula, Leonard J.},
    citeulike-article-id = {3463304},
    citeulike-linkout-0 = {http://csrc.nist.gov/publications/history/bell76.pdf},
    institution = {The MITRE Corporation},
    keywords = {1976, bell-lapadula, multics, security, system},
    number = {ESD-TR-75-306},
    posted-at = {2008-10-29 17:50:16},
    priority = {3},
    title = {{Secure Computer System: Unified Exposition and MULTICS Interpretation}},
    url = {http://csrc.nist.gov/publications/history/bell76.pdf},
    year = {1976}
}

@book{Bishop,
  title={Computer Security: Art and Science},
  author={Bishop, Matt},
  isbn={9780201440997},
  lccn={2002026219},
  url={https://books.google.com.ar/books?id=pfdBiJNfWdMC},
  year={2003},
  publisher={Addison-Wesley}
}

@book{a08,
 author = {Anderson, Ross J.},
 title = {{Security Engineering: A Guide to Building Dependable Distributed Systems}},
 year = {2008},
 isbn = {9780470068526},
 edition = {2},
 publisher = {Wiley Publishing},
} 

@article{Sandhu93,
 author = {Sandhu, Ravi S.},
 title = {{Lattice-Based Access Control Models}},
 journal = {Computer},
 issue_date = {November 1993},
 volume = {26},
 number = {11},
 month = nov,
 year = {1993},
 issn = {0018-9162},
 pages = {9--19},
 numpages = {11},
 url = {https://doi.org/10.1109/2.241422},
 doi = {10.1109/2.241422},
 acmid = {619980},
 publisher = {IEEE Computer Society Press},
 address = {Los Alamitos, CA, USA},
}

@book{g11,
  title={Computer Security},
  author={Gollmann, D.},
  isbn={9780470741153},
  lccn={2010036859},
  url={https://books.google.com.ar/books?id=KTYxTfyjiOQC},
  year={2011},
  publisher={Wiley}
}

@book{t11,
 author = {Tilborg, Henk C. A. and Jajodia, Sushil},
 title = {{Encyclopedia of Cryptography and Security}},
 year = {2011},
 isbn = {144195905X, 9781441959058},
 edition = {2nd},
 publisher = {Springer Publishing Company, Incorporated},
} 

@INPROCEEDINGS{m87,
author={{John McLean}},
booktitle={1987 IEEE Symposium on Security and Privacy},
title={{Reasoning About Security Models}},
year={1987},
volume={},
number={},
pages={123-123},
keywords={},
doi={10.1109/SP.1987.10020},
ISSN={1540-7993},
month={April},}
