@article{Kur64,
title = {{Classes of Languages and Linear-Bounded Automata}},
journal = "Information and Control",
volume = "7",
number = "2",
pages = "207 - 223",
year = "1964",
issn = "0019-9958",
doi = "https://doi.org/10.1016/S0019-9958(64)90120-2",
url = "http://www.sciencedirect.com/science/article/pii/S0019995864901202",
author = "S.-Y. Kuroda"
}

@article{Tur36,
  added-at = {2014-03-17T15:41:01.000+0100},
  annote = {Turing's famous demonstration of the formal limits on computation based on a proof that the {\em halting problem} is undecidable.},
  author = {Turing, Alan M.},
  biburl = {https://www.bibsonomy.org/bibtex/2b51d7b5c67fb98e0117bc176ee5fd5cf/fibso},
  interhash = {8ac1f5e961ff74849ab6f0c7348b9c9c},
  intrahash = {b51d7b5c67fb98e0117bc176ee5fd5cf},
  journal = {Proceedings of the London Mathematical Society},
  keywords = {halting},
  number = 42,
  pages = {230--265},
  timestamp = {2014-03-17T15:41:01.000+0100},
  title = {{On Computable Numbers, with an Application to the Entscheidungsproblem}},
  url = {http://www.cs.helsinki.fi/u/gionis/cc05/OnComputableNumbers.pdf},
  volume = 2,
  year = 1936
}

@book{Kle51,
  title={Representation of Events in Nerve Nets and Finite Automata},
  author={Kleene, S.C.},
  series={Memorandum (Rand Corporation)},
  url={https://books.google.com.ar/books?id=5MNXHAAACAAJ},
  year={1951},
  publisher={Rand Corporation}
}

@article{Cho59,
title = {{On Certain Formal Properties of Grammars}},
journal = "Information and Control",
volume = "2",
number = "2",
pages = "137 - 167",
year = "1959",
issn = "0019-9958",
doi = "https://doi.org/10.1016/S0019-9958(59)90362-6",
url = "http://www.sciencedirect.com/science/article/pii/S0019995859903626",
author = "Noam Chomsky"
}

@article{RS59,
 author = {Rabin, M. O. and Scott, D.},
 title = {Finite Automata and Their Decision Problems},
 journal = {IBM J. Res. Dev.},
 issue_date = {April 1959},
 volume = {3},
 number = {2},
 month = apr,
 year = {1959},
 issn = {0018-8646},
 pages = {114--125},
 numpages = {12},
 url = {http://dx.doi.org/10.1147/rd.32.0114},
 doi = {10.1147/rd.32.0114},
 acmid = {1661909},
 publisher = {IBM Corp.},
 address = {Riverton, NJ, USA},
} 

@book{Koz97,
 author = {Kozen, Dexter C.},
 title = {Automata and Computability},
 year = {1997},
 isbn = {0387949070},
 edition = {1st},
 publisher = {Springer-Verlag},
 address = {Berlin, Heidelberg},
} 

@book{Sip12,
  title={Introduction to the Theory of Computation},
  author={Sipser, M.},
  isbn={9781133187790},
  lccn={2012938665},
  url={https://books.google.com.ar/books?id=P3f6CAAAQBAJ},
  year={2012},
  publisher={Cengage Learning}
}

@book{Hop06,
 author = {Hopcroft, John E. and Motwani, Rajeev and Ullman, Jeffrey D.},
 title = {Introduction to Automata Theory, Languages, and Computation (3rd Edition)},
 year = {2006},
 isbn = {0321455363},
 publisher = {Addison-Wesley Longman Publishing Co., Inc.},
 address = {Boston, MA, USA},
} 

@book{HU69,
 author = {Hopcroft, John E. and Ullman, Jeffrey D.},
 title = {Formal Languages and Their Relation to Automata},
 year = {1969},
 publisher = {Addison-Wesley Longman Publishing Co., Inc.},
 address = {Boston, MA, USA},
} 

@article{Gre81,
 author = {Greibach, S. A.},
 title = {Formal Languages: Origins and Directions},
 journal = {IEEE Ann. Hist. Comput.},
 issue_date = {January 1981},
 volume = {3},
 number = {1},
 month = jan,
 year = {1981},
 issn = {1058-6180},
 pages = {14--41},
 numpages = {28},
 url = {https://doi.org/10.1109/MAHC.1981.10006},
 doi = {10.1109/MAHC.1981.10006},
 acmid = {1437616},
 publisher = {IEEE Educational Activities Department},
 address = {Piscataway, NJ, USA},
} 

@article{BarHillel61,
  added-at = {2008-03-17T11:27:54.000+0100},
  author = {Bar-Hillel, Yehoshua and Perles, M. and Shamir, E.},
  biburl = {https://www.bibsonomy.org/bibtex/2656bc6c94082c9291f6ca8a304807c1d/nlp},
  interhash = {3c7f040358ce6e3ed6826b2277d31b2b},
  intrahash = {656bc6c94082c9291f6ca8a304807c1d},
  journal = {Zeitschrift {f\" ur} Phonetik, Sprachwissenschaft und
  Kommunikationsforschung},
  keywords = {2000 book nlp},
  note = {Reprinted in Y. Bar-Hillel. (1964). {\em Language and Information:
  Selected Essays on their Theory and Application}, Addison-Wesley 1964,
  116--150},
  pages = {143--172},
  timestamp = {2008-03-17T11:32:43.000+0100},
  title = {{On Formal Properties of Simple Phrase Structure Grammars}},
  volume = 14,
  year = 1961
}

@article{Ogden1968,
author="Ogden, William",
title={{A Helpful Result for Proving Inherent Ambiguity}},
journal="Mathematical systems theory",
year="1968",
month="Sep",
day="01",
volume="2",
number="3",
pages="191--194",
issn="1433-0490",
doi="10.1007/BF01694004",
url="https://doi.org/10.1007/BF01694004"
}

@article{Nerode58,
   Author = {Nerode, A.},
   Title = {Linear automaton transformations},
   Journal = {Proceedings of the American Mathematical Society},
   Volume = {9},
   Number = {4},
   Pages = {541--544},
   Publisher = {American Mathematical Society},
   Year = {1958}
} 


@article{Sch60,
title = {{Note on the Boolean Properties of Context Free Languages}},
journal = "Information and Control",
volume = "3",
number = "4",
pages = "372 - 375",
year = "1960",
issn = "0019-9958",
doi = "https://doi.org/10.1016/S0019-9958(60)90965-7",
url = "http://www.sciencedirect.com/science/article/pii/S0019995860909657",
author = "Stephen Scheinberg"
}

@article{Imm88,
 author = {Immerman, Neil},
 title = {Nondeterministic Space is Closed Under Complementation},
 journal = {SIAM J. Comput.},
 issue_date = {October 1988},
 volume = {17},
 number = {5},
 month = oct,
 year = {1988},
 issn = {0097-5397},
 pages = {935--938},
 numpages = {4},
 url = {http://dx.doi.org/10.1137/0217058},
 doi = {10.1137/0217058},
 acmid = {61748},
 publisher = {Society for Industrial and Applied Mathematics},
 address = {Philadelphia, PA, USA},
} 

@article{Sze88,
author="Szelepcs{\'e}nyi, R{\'o}bert",
title="The method of forced enumeration for nondeterministic automata",
journal="Acta Informatica",
year="1988",
month="Nov",
day="01",
volume="26",
number="3",
pages="279--284",
abstract="Every family of languages, recognized by nondeterministic L(n) tape-bounded Turing machines, where L(n)≥logn, is closed under complement. As a special case, the family of context-sensitive languages is closed under complement. This solves the open problem from [4].",
issn="1432-0525",
doi="10.1007/BF00299636",
url="https://doi.org/10.1007/BF00299636"
}

@article{Schutzenberger63,
title = "On context-free languages and push-down automata",
journal = "Information and Control",
volume = "6",
number = "3",
pages = "246 - 264",
year = "1963",
issn = "0019-9958",
doi = "https://doi.org/10.1016/S0019-9958(63)90306-1",
url = "http://www.sciencedirect.com/science/article/pii/S0019995863903061",
author = "M.P. Schützenberger"
}

@article{Lan63,
title = "Three theorems on phrase structure grammars of type 1",
journal = "Information and Control",
volume = "6",
number = "2",
pages = "131 - 136",
year = "1963",
issn = "0019-9958",
doi = "https://doi.org/10.1016/S0019-9958(63)90169-4",
url = "http://www.sciencedirect.com/science/article/pii/S0019995863901694",
author = "Peter S. Landweber"
}

@misc{wikiCinderella,
    author = "{Wikipedia contributors}",
    title = "Introduction to Automata Theory, Languages, and Computation --- {Wikipedia}{,} The Free Encyclopedia",
    year = "2017",
    url = "https://en.wikipedia.org/w/index.php?title=Introduction_to_Automata_Theory,_Languages,_and_Computation&oldid=793092901",
    note = "[Online; accessed 24-August-2018]"
  }
