@article{Brent80,
  author = {Richard P. Brent},
  keywords = {MonteCarlo algorithm factorization},
  language = {English},
  title = {{An Improved Monte Carlo Factorization Algorithm}},
  doi = {https://doi.org/10.1007/BF01933190}
  year = 1980
}
